@inproceedings{ma2009beyond,
  title={Beyond blacklists: learning to detect malicious web sites from suspicious URLs},
  author={Ma, Justin and Saul, Lawrence K and Savage, Stefan and Voelker, Geoffrey M},
  booktitle={Proceedings of the 15th ACM SIGKDD international conference on Knowledge discovery and data mining},
  pages={1245--1254},
  year={2009},
  organization={ACM}
}

@inproceedings{cherukuri2011link,
  title={Link Analysis and Link Visualization of Malicious Websites},
  author={Cherukuri, Manoj and Mukkamala, Srinivas},
  booktitle={The Proceedings of the 6th International Conference on Information Warfare and Security},
  pages={52},
  year={2011}
}

@inproceedings{zhang2007cantina,
  title={Cantina: a content-based approach to detecting phishing web sites},
  author={Zhang, Yue and Hong, Jason I and Cranor, Lorrie F},
  booktitle={Proceedings of the 16th international conference on World Wide Web},
  pages={639--648},
  year={2007},
  organization={ACM}
}

@inproceedings{garera2007framework,
  title={A framework for detection and measurement of phishing attacks},
  author={Garera, Sujata and Provos, Niels and Chew, Monica and Rubin, Aviel D},
  booktitle={Proceedings of the 2007 ACM workshop on Recurring malcode},
  pages={1--8},
  year={2007},
  organization={ACM}
}

@article{mcgrath2008behind,
  title={Behind Phishing: An Examination of Phisher Modi Operandi.},
  author={McGrath, D Kevin and Gupta, Minaxi},
  journal={LEET},
  volume={8},
  pages={4},
  year={2008}
}

@inproceedings{mavrommatis2008all,
  title={All your iframes point to us},
  author={Mavrommatis, Niels Provos Panayiotis and Monrose, Moheeb Abu Rajab Fabian},
  booktitle={17th USENIX Security Symposium},
  pages={1--22},
  year={2008}
}

@inproceedings{canali2011prophiler,
  title={Prophiler: a fast filter for the large-scale detection of malicious web pages},
  author={Canali, Davide and Cova, Marco and Vigna, Giovanni and Kruegel, Christopher},
  booktitle={Proceedings of the 20th international conference on World wide web},
  pages={197--206},
  year={2011},
  organization={ACM}
}

@inproceedings{eshete2011malicious,
  title={Malicious website detection: Effectiveness and efficiency issues},
  author={Eshete, Birhanu and Villafiorita, Adolfo and Weldemariam, Komminist},
  booktitle={SysSec Workshop (SysSec), 2011 First},
  pages={123--126},
  year={2011},
  organization={IEEE}
}

@online{malwareblacklist,
    author    = "Paretologic Inc",
    title     = "MalwareBlacklist",
    url       = "http://www.malwareblacklist.com"
}

@online{phishtank,
    author    = "OpenDNS",
    title     = "PhishTank",
    url       = " http://www.phishtank.com."
}
@online{wot,
    author    = "Against Intuition.",
    title     = "WOT Web of Trust",
    url       = "http://www.mywot.com"
}

@inproceedings{wang2006automated,
  title={Automated web patrol with strider honeymonkeys},
  author={Wang, Yi-Min and Beck, Doug and Jiang, Xuxian and Roussev, Roussi and Verbowski, Chad and Chen, Shuo and King, Sam},
  booktitle={Proceedings of the 2006 Network and Distributed System Security Symposium},
  pages={35--49},
  year={2006}
}
@inproceedings{ikinci2008monkey,
  title={Monkey-Spider: Detecting Malicious Websites with Low-Interaction Honeyclients.},
  author={Ikinci, Ali and Holz, Thorsten and Freiling, Felix C},
  booktitle={Sicherheit},
  volume={8},
  pages={407--421},
  year={2008}
}
@article{qassrawi2011detecting,
  title={Detecting malicious web servers with honeyclients},
  author={Qassrawi, Mahmoud T and Zhang, Hongli},
  journal={Journal of Networks},
  volume={6},
  number={1},
  pages={145--152},
  year={2011}
}

@article{seiferthoneyc,
  title={HoneyC-The Low-Interaction Client Honeypot},
  author={Seifert, Christian and Welch, Ian and Komisarczuk, Peter},
  year={2007}
}

@article{verisign,
  title={The domain name industry brief},
  author={Verisign},
  volume={11},
  year={2011}
}

@article{wsj,
  title={Web Firm  Suspects  Iran Hacked Into  It},
  author={Christopher Rhoads},
  journal={ The  Wall Street Journal},
  year={2011}
}

@online{midpoint,
    title     = "Geo Midpoint",
    url       = "http://www.geomidpoint.com"
}
@article{mockapetris1987domain,
  title={Domain names-concepts and facilities},
  author={Mockapetris, Paul V},
  year={1987}
}

@online{ipapi,
    author    = "IP-API",
    title     = "Geolocation AP",
    url       = " http://ip-api.com"
}
@online{hostapi,
    author    = "Host IP",
    title     = "My IP Address Lookup and GeoTargeting Community Geotarget IP Project",
    url       = "http://hostip.info"
}
@online{ipinfodb,
    author    = "IPInfoDB",
    title     = "Free IP address geolocation tool",
    url       = " http://www.ipinfodb.com"
}
@online{geobytes,
    author    = "GeoBytes",
    title     = "GeoNetMap:  IP address to geographic location database",
    url       = "http://www.geobytes.com"
}
@online{ip2loc,
    author    = "IP2Location",
    title     = "Brining location to the Internet",
    url       = "http://www.ip2location.com"
}
@online{maxmind,
    author    = "MaxMind",
    title     = "GeoIP2 databases and web service",
    url       = "http://www.maxmind.com"
}
@online{google1,
    author    = "Google",
    title     = "The Google Geocoding API",
    url       = "https://developers.google.com"
}
@online{google2,
    author    = "Google",
    title     = "Chrome webRequest API",
    url       = "https://developers.google.com"
}
@online{mts,
    author    = "Movable Type Scripts",
    title     = "GIS FAQ Q5.1: Great circle distance between 2 points",
    url       = "http://www.movable-type.co.uk"
}
@online{php1,
    author    = "PHP",
    title     = "Documentation:  fsockopen",
    url       = "http://www.php.net/manual/"
}
@online{php2,
    author    = "PHP",
    title     = "Documentation:  Client URL Library",
    url       = "http://www.php.net/manual/"
}
@online{sqlite,
    title     = "SQLite",
    url       = " http://www.sqlite.org"
}

@online{google3,
    author    = "Google",
    title     = "What are extensions?",
    url       = "https://developers.google.com"
}
@online{stats,
    author    = "StatCounter",
    title     = "Global Stats Browsers",
    url       = "http://gs.statcounter.com"
}
@online{leaflet,
    author    = "V. Agafonkin",
    title     = "Leaflet: An Open-Source JavaScript Library for Mobile-Friendly Interactive Maps",
    url       = " http://leafletjs.com."
}
@online{leaflet2,
    author    = " D. Leaver",
    title     = "Leaflet Markercluster",
    url       = "https://github.com/Leaflet/Leaflet.markercluster"
}


